@online{cifar10,
	ALTauthor = { Alex Krizhevsky, Vinod Nair, and Geoffrey Hinton},
	title = {The CIFAR-10 and CIFAR-100 dataset},
	url = {https://www.cs.toronto.edu/~kriz/cifar.html},
}